
@book{chapman_r_2019,
	address = {Cham},
	edition = {2nd ed. 2019},
	series = {Use {R}!},
	title = {R {For} {Marketing} {Research} and {Analytics}},
	isbn = {978-3-030-14316-9},
	url = {https://doi-org.ezproxy.umng.edu.co/10.1007/978-3-030-14316-9},
	publisher = {Springer International Publishing : Imprint: Springer},
	author = {Chapman, Chris and Feit, Elea McDonnell},
	year = {2019},
	keywords = {Statistics, Marketing, Statistics and Computing/Statistics Programs, Statistics for Business, Management, Economics, Finance, Insurance},
}

@techreport{iregui_guerrero_politica_2018,
	title = {Política de formación para la investigación, la innovación y el emprendimiento},
	url = {https://revistas.unimilitar.edu.co/index.php/wpapers/article/view/3750},
	urldate = {2024-06-18},
	institution = {Universidad Militar Nueva Granada},
	author = {Iregui Guerrero, Marcela and Cuevas Silva, Juan María},
	year = {2018},
	doi = {10.18359/whitepaper.3750},
	file = {Full Text:C\:\\Users\\Usuario\\Zotero\\storage\\HQMJHVH6\\Iregui Guerrero and Cuevas Silva - 2018 - Política de formación para la investigación, la in.pdf:application/pdf},
}

@misc{umng_reglamento_2021,
	title = {Reglamento {General} {Estudiantil} de {Pregrado}: {Acuerdo} 02 de 2015 actualizado, conforme a los {Acuerdos} 01 de 2017, 05 de 2018 y 04 de 2020, que lo modifican parcialmente},
	publisher = {Universidad Militar Nueva Granada},
	author = {Umng},
	month = aug,
	year = {2021},
}

@book{schwarz_python_2020,
	address = {Cham},
	title = {Python for {Marketing} {Research} and {Analytics}},
	copyright = {http://www.springer.com/tdm},
	isbn = {978-3-030-49719-4 978-3-030-49720-0},
	url = {https://doi-org.ezproxy.umng.edu.co/10.1007/978-3-030-49720-0},
	language = {en},
	urldate = {2024-07-21},
	publisher = {Springer International Publishing},
	author = {Schwarz, Jason S. and Chapman, Chris and Feit, Elea McDonnell},
	year = {2020},
	doi = {10.1007/978-3-030-49720-0},
	file = {Submitted Version:C\:\\Users\\Usuario\\Zotero\\storage\\YQZ6Z3JX\\Schwarz et al. - 2020 - Python for Marketing Research and Analytics.pdf:application/pdf},
}

@book{wickham_r_2023,
	address = {Beijing ; Sebastopol, CA},
	edition = {Second edition},
	title = {R for data science: import, tidy, transform, visualize, and model data},
	isbn = {978-1-4920-9740-2},
	shorttitle = {R for data science},
	url = {https://r4ds.hadley.nz/},
	publisher = {O'Reilly},
	author = {Wickham, Hadley and Çetinkaya-Rundel, Mine and Grolemund, Garrett},
	year = {2023},
	note = {OCLC: on1390607935},
	keywords = {Big data, Computer programs, Data mining, Données volumineuses, Electronic data processing, Exploration de données (Informatique), Information visualization, Logiciels, R (Computer program language), R (Langage de programmation), Statistics, Visualisation de l'information},
}

@book{mckinney_python_2022,
	address = {Beijing},
	edition = {Third edition},
	title = {Python for data analysis: data wrangling with pandas, {NumPy}, and {Jupyter}},
	isbn = {978-1-09-810403-0},
	shorttitle = {Python for data analysis},
	url = {https://wesmckinney.com/book/},
	publisher = {O'Reilly},
	author = {McKinney, Wes},
	year = {2022},
	note = {OCLC: on1338676391},
	keywords = {Data mining, Exploration de données (Informatique), Programming languages (Electronic computers), Python (Computer program language), Python (Langage de programmation)},
}
